@book{golub2013a,
  author = {Golub, Gene H. and Van Loan, Charles F},
  title = {Matrix computations},
  language = {eng},
  format = {book},
  pages = {756 s.},
  year = {2013},
  isbn = {1421407949, 9781421407944},
  publisher = {John Hopkins University Press,}
}